<?xml version="1.0" encoding="UTF-8"?><collection xmlns="http://www.loc.gov/MARC21/slim"><record><leader>00590nam--2200181-i-4500</leader><controlfield tag="001">000038365</controlfield><controlfield tag="002">20161230</controlfield><controlfield tag="005">20161230201041</controlfield><controlfield tag="008">060222s1000------------r-----000-0-fre-d</controlfield><datafield ind1=" " ind2=" " tag="040"><subfield code="a">IFIN-HH</subfield></datafield><datafield ind1=" " ind2=" " tag="041"><subfield code="a">fre</subfield></datafield><datafield ind1=" " ind2=" " tag="080"><subfield code="a">538.172.12:539.12.162.8(043)</subfield></datafield><datafield ind1="1" ind2=" " tag="100"><subfield code="a">Remy, Gerard</subfield></datafield><datafield ind1="1" ind2="0" tag="245"><subfield code="a">Etude de la fission binaire et ternaire des noyaux d`uranium et de plomb induite par des protons d`energie comprise entre 0,6 gev et 23 gev</subfield><subfield code="b">These</subfield><subfield code="c">Gerard remy</subfield></datafield><datafield ind1=" " ind2=" " tag="260"><subfield code="a">Strasburg</subfield><subfield code="b">Universite Louis Pasteur</subfield><subfield code="c">1974</subfield></datafield><datafield ind1=" " ind2=" " tag="300"><subfield code="a">164P</subfield></datafield><datafield ind1=" " ind2=" " tag="852"><subfield code="a">78059</subfield><subfield code="c">539.17</subfield></datafield><datafield ind1=" " ind2=" " tag="CAT"><subfield code="a">Sys</subfield><subfield code="c">20120626</subfield><subfield code="h">131155</subfield></datafield></record></collection>